<record><leader>00000cas a22000007a 4500</leader><controlfield tag="001">13922313</controlfield><controlfield tag="008">860724d19091955paudn ne      0    0eng d</controlfield><datafield ind1=" " ind2=" " tag="010"><subfield code="a">sn 86081704 </subfield></datafield><datafield ind1=" " ind2=" " tag="040"><subfield code="a">NPH</subfield><subfield code="b">eng</subfield><subfield code="c">NPH</subfield><subfield code="d">OCLCQ</subfield></datafield><datafield ind1=" " ind2=" " tag="042"><subfield code="a">msc</subfield></datafield><datafield ind1="0" ind2="0" tag="245"><subfield code="a">Gazette and bulletin.</subfield></datafield><datafield ind1=" " ind2=" " tag="260"><subfield code="a">Williamsport, Pa. :</subfield><subfield code="b">Gazette and Bulletin Pub. Association,</subfield><subfield code="c">1909-1955.</subfield></datafield><datafield ind1=" " ind2=" " tag="300"><subfield code="a">46 v.</subfield></datafield><datafield ind1=" " ind2=" " tag="310"><subfield code="a">Daily (except Sunday)</subfield></datafield><datafield ind1="0" ind2=" " tag="362"><subfield code="a">One hundred and eighth year, no. 243 (Oct. 12, 1909)-154th year, no. 213 (Sept. 10, 1955).</subfield></datafield><datafield ind1=" " ind2=" " tag="500"><subfield code="a">Has occasional special editions.</subfield></datafield><datafield ind1=" " ind2=" " tag="525"><subfield code="a">Supplements accompany some issues.</subfield></datafield><datafield ind1=" " ind2=" " tag="580"><subfield code="a">Also issued in tri-weekly edition called: Tri-weekly gazette and bulletin.</subfield></datafield><datafield ind1=" " ind2=" " tag="752"><subfield code="a">United States</subfield><subfield code="b">Pennsylvania</subfield><subfield code="c">Lycoming</subfield><subfield code="d">Williamsport.</subfield></datafield><datafield ind1="1" ind2=" " tag="775"><subfield code="t">Tri-weekly gazette and bulletin</subfield><subfield code="w">(DLC)sn 86081701</subfield></datafield><datafield ind1="0" ind2="0" tag="780"><subfield code="t">Daily gazette and bulletin</subfield><subfield code="w">(DLC)sn 84026586</subfield></datafield><datafield ind1="0" ind2="7" tag="785"><subfield code="t">Williamsport sun</subfield><subfield code="w">(DLC)sn 86063578</subfield></datafield><datafield ind1="0" ind2="7" tag="785"><subfield code="t">Williamsport sun-gazette</subfield><subfield code="w">(DLC)sn 86081703</subfield></datafield><datafield ind1="1" ind2=" " tag="029"><subfield code="a">AU@</subfield><subfield code="b">000025287355</subfield></datafield></record>